@article{DBLP:journals/cacm/Merkle78,
	author    = {Ralph C. Merkle},
	journal   = {Commun. {ACM}},
	number    = {4},
	pages     = {294–299},
	title     = {Secure Communications Over Insecure Channels},
	volume    = {21},
	year      = {1978},
}

@article{DBLP:journals/rfc/rfc7693,
	author    = {Markku{-}Juhani O. Saarinen and Jean{-}Philippe Aumasson},
	journal   = {{RFC}},
	pages     = {1--30},
	title     = {The {BLAKE2} Cryptographic Hash and Message Authentication Code {(MAC)}},
	volume    = {7693},
	year      = {2015}
}

@article{DBLP:journals/rfc/rfc7748,
	author    = {Adam Langley and Mike Hamburg and Sean Turner},
	title     = {Elliptic Curves for Security},
	journal   = {{RFC}},
	volume    = {7748},
	pages     = {1–22},
	year      = {2016}
}

@techreport{Aumasson:2013,
	author    = {Aumasson, Jean-Philippe and Neves, Samuel and Wilcox-O'Hearn, Zooko and Winnerlein, Christian},
	date      = {2013-01-29},
	pages     = {1–20},
	title     = {BLAKE2: Simpler, Smaller, Fast as MD5},
	url       = {https://blake2.net/blake2.pdf},
	urldate   = {2018-08-08},
	year      = {2013},
}

@techreport{Aumasson:2016,
	author    = {Aumasson, Jean-Philippe and Neves, Samuel and Wilcox-O'Hearn, Zooko and Winnerlein, Christian},
	pages     = {1–4},
	title     = {BLAKE2X},
	url       = {https://blake2.net/blake2x.pdf},
	year      = {2016},
}

@techreport{Brown:2009,
	author    = {Brown, Daniel R. L. and {Certicom Research}},
	date      = {2009-05-21},
	institution = {Standards for Efficient Cryptography Group (SECG)},
	pages     = {1–138},
	title     = {Standards for Efficient Cryptography: SEC 1: Elliptic Curve Cryptography},
	type      = {Commercial standard},
	url       = {http://www.secg.org/sec1-v2.pdf},
	urldate   = {2018-08-08},
	version   = {2.0},
	year      = {2009},
}
